@article{DBLP:journals/corr/MeelVCFSFIM15,
  author    = {Kuldeep S. Meel and
               Moshe Y. Vardi and
               Supratik Chakraborty and
               Daniel J. Fremont and
               Sanjit A. Seshia and
               Dror Fried and
               Alexander Ivrii and
               Sharad Malik},
  title     = {Constrained Sampling and Counting: Universal Hashing Meets {SAT} Solving},
  journal   = {CoRR},
  volume    = {abs/1512.06633},
  year      = {2015},
  url       = {http://arxiv.org/abs/1512.06633},
  archivePrefix = {arXiv},
  eprint    = {1512.06633},
  timestamp = {Wed, 07 Jun 2017 14:42:16 +0200},
  biburl    = {http://dblp.org/rec/bib/journals/corr/MeelVCFSFIM15},
  bibsource = {dblp computer science bibliography, http://dblp.org}
}

@book{Ford,
 author = {Ford, D. R. and Fulkerson, D. R.},
 title = {Flows in Networks},
 year = {1962},
 isbn = {0691146675, 9780691146676},
 publisher = {Princeton University Press},
 address = {Princeton, NJ, USA},
}

@book{Neumann,
 author = {Peter M. Neumann and Gabrielle A. Stoy and Edward C. Thompson},
 title = {Groups and Geometry},
 year = {1994},
 isbn = {0198534515},
 publisher = {Oxford University Press},
}

@inproceedings{Refalo04,
 author    = {Philippe Refalo},
 title     = {Impact-Based Search Strategies for Constraint Programming},
 booktitle = {Principles and Practice of Constraint Programming - {CP} 2004, 10th
              International Conference, {CP} 2004, Toronto, Canada, September 27
              - October 1, 2004},
 pages     = {557--571},
 year      = {2004},
 series    = {Lecture Notes in Computer Science},
 volume    = {3258},
 publisher = {Springer}
}

@inproceedings{MichelH12,
 author    = {Laurent Michel and
              Pascal Van Hentenryck},
 title     = {Activity-Based Search for Black-Box Constraint Programming Solvers},
 booktitle = {Integration of {AI} and {OR} Techniques in Contraint Programming for
              Combinatorial Optimzation Problems - 9th International Conference,
              {CPAIOR} 2012, Nantes, France, May 28 - June1, 2012},
 pages     = {228--243},
 series    = {Lecture Notes in Computer Science},
 volume    = {7298},
 publisher = {Springer},
 year      = {2012}
}

@inproceedings{BoussemartHLS04,
 author    = {Fr{\'{e}}d{\'{e}}ric Boussemart and
              Fred Hemery and
              Christophe Lecoutre and
              Lakhdar Sais},
 title     = {Boosting Systematic Search by Weighting Constraints},
 booktitle = {Proceedings of the 16th Eureopean Conference on Artificial Intelligence,
              ECAI'2004, Valencia, Spain, August 22-27, 2004},
 pages     = {146--150},
 publisher = {{IOS} Press},
 year      = {2004}
}

@article{PesantQZ12,
  author    = {Gilles Pesant and
               Claude{-}Guy Quimper and
               Alessandro Zanarini},
  title     = {Counting-Based Search: Branching Heuristics for Constraint Satisfaction
               Problems},
  journal   = {J. Artif. Intell. Res.},
  volume    = {43},
  pages     = {173--210},
  year      = {2012},
  url       = {https://doi.org/10.1613/jair.3463},
  doi       = {10.1613/jair.3463},
  timestamp = {Wed, 21 Jun 2017 14:58:52 +0200},
  biburl    = {http://dblp.uni-trier.de/rec/bib/journals/jair/PesantQZ12},
  bibsource = {dblp computer science bibliography, http://dblp.org}
}

@inproceedings{Regin96,
  author    = {Jean{-}Charles R{\'{e}}gin},
  title     = {Generalized Arc Consistency for Global Cardinality Constraint},
  booktitle = {Proceedings of the Thirteenth National Conference on Artificial Intelligence
               and Eighth Innovative Applications of Artificial Intelligence Conference,
               {AAAI} 96, {IAAI} 96, Portland, Oregon, August 4-8, 1996, Volume 1.},
  pages     = {209--215},
  year      = {1996},
}

@book{MT09,
	author = {L{\'{a}}szlo Lovasz and Michael D. Plummer},
	title = {Matching Theory},
	publisher = {American Mathematical Society},
	year = {2009},
}

@article{Minc63,
	author = {Minc, Henryk},
	fjournal = {Bulletin of the American Mathematical Society},
	journal = {Bull. Amer. Math. Soc.},
	volume = {69},
	year={1963},
	pages = {789--791},
	publisher = {American Mathematical Society},
	title = {Upper bounds for permanents of $\left( {0,\,1} \right)$-matrices},
}

@article{LiangB04,
title = "An upper bound for the permanent of (0,1)-matrices",
journal = "Linear Algebra and its Applications",
volume = "377",
pages = "291 - 295",
year = "2004",
author = "Heng Liang and Fengshan Bai",
}

@article{Friedland08,
author = {Shmuel Friedland},
year = {2008},
title = {An upper bound for the number of perfect matchings in graphs},
journal={http://arxiv.org/abs/0803.0864}
}

@article{Bregman73,
author = {L. M. Br{\'{e}}gman},
year = {1973},
title = {Some Properties of Nonnegative Matrices and their Permanents.},
journal = {Soviet Mathematics Doklady},
pages = {945--949},
volume = {14(4)}
}

@book{AI09,
  author    = {Stuart J. Russell and
               Peter Norvig},
  title     = {Artificial Intelligence - {A} Modern Approach {(3.} internat. ed.)},
  publisher = {Pearson Education},
  year      = {2010},
  url       = {http://vig.pearsoned.com/store/product/1,1207,store-12521_isbn-0136042597,00.html},
  isbn      = {978-0-13-207148-2},
  timestamp = {Fri, 04 Feb 2011 09:56:38 +0100},
  biburl    = {http://dblp.org/rec/bib/books/daglib/0023820},
  bibsource = {dblp computer science bibliography, http://dblp.org}
}

@article{Valiant79,
  author    = {Leslie G. Valiant},
  title     = {The Complexity of Computing the Permanent},
  journal   = {Theor. Comput. Sci.},
  volume    = {8},
  pages     = {189--201},
  year      = {1979},
  url       = {https://doi.org/10.1016/0304-3975(79)90044-6},
  doi       = {10.1016/0304-3975(79)90044-6},
  timestamp = {Sun, 28 May 2017 13:20:05 +0200},
  biburl    = {http://dblp.org/rec/bib/journals/tcs/Valiant79},
  bibsource = {dblp computer science bibliography, http://dblp.org}
}

@inproceedings{GomesHSS07,
  author    = {Carla P. Gomes and
               J{\"{o}}rg Hoffmann and
               Ashish Sabharwal and
               Bart Selman},
  title     = {From Sampling to Model Counting},
  booktitle = {{IJCAI} 2007, Proceedings of the 20th International Joint Conference
               on Artificial Intelligence, Hyderabad, India, January 6-12, 2007},
  pages     = {2293--2299},
  year      = {2007},
}

@manual{chocoSolver,
  author        = {Charles Prud'homme and Jean-Guillaume Fages and Xavier Lorca},
  title         = {Choco Solver Documentation},
  year          = {2016},
  organization  = {TASC, INRIA Rennes, LINA CNRS UMR 6241, COSLING S.A.S.},
  timestamp     = {Tue, 9 Feb 2016},
  url           = {http://www.choco-solver.org },
}


